@inproceedings{mangina2016drones,
  title={Drones for live streaming of visuals for people with limited mobility},
  author={Mangina, Eleni and O'Keeffe, Evan and Eyerman, Joe and Goodman, Lizbeth},
  booktitle={Virtual System \& Multimedia (VSMM), 2016 22nd International Conference on},
  pages={1--6},
  year={2016},
  organization={IEEE}
}

@misc{sega2004headset,
    title={Sega VR: Great Idea or Wishful Thinking?},
    author={Horowitz Ken},
    year={2004},
    howpublished={\url{https://en.wikipedia.org/wiki/Sega_VR}}}

@misc{facebook2016videoencoding,
  title={Next-generation video encoding techniques for 360 video and VR},
  author={Evgeny Kuzyakov, and David Pio},
  howpublished={\url{https://code.facebook.com/posts/1126354007399553/next-generation-video-encoding-techniques-for-360-video-and-vr/}},
  year={2016},
  organization={Facebook}
}

@inproceedings{crespo2016virtual,
  title={A virtual reality UAV simulation with body area networks to promote the elders life quality},
  author={Crespo, Andr{\'e}s Bustamante and Idrovo, Graciela Guerrero and Rodrigues, Nuno and Pereira, Ant{\'o}nio},
  booktitle={Technology and Innovation in Sports, Health and Wellbeing (TISHW), International Conference on},
  pages={1--7},
  year={2016},
  organization={IEEE}
}

@article{steuer1992defining,
  title={Defining virtual reality: Dimensions determining telepresence},
  author={Steuer, Jonathan},
  journal={Journal of communication},
  volume={42},
  number={4},
  pages={73--93},
  year={1992},
  publisher={Wiley Online Library}
}


@article{bac2015terrorism,
  title={Terrorism and its Impacts on the Tourism Industry},
  author={Bac, Dorin Paul and Bugnar, Nicoleta Georgeta and Mester, Liana Eugenia and others},
  journal={Revista Romana de Geografie Politica},
  volume={17},
  number={1},
  pages={5--11},
  year={2015}
}

@article{darcy2009whole,
  title={A whole-of-life approach to tourism: The case for accessible tourism experiences},
  author={Darcy, Simon and Dickson, Tracey J},
  journal={Journal of Hospitality and Tourism Management},
  volume={16},
  number={1},
  pages={32--44},
  year={2009},
  publisher={Elsevier}
}

@article{small2010tourism,
  title={Tourism, disability and mobility},
  author={Small, Jennie and Darcy, Simon and others},
  journal={Tourism and inequality: Problems and prospects},
  pages={1--21},
  year={2010},
  publisher={CABI Wallingford, CT}
}

@article{nagendran2013virtual,
  title={Virtual reality training for surgical trainees in laparoscopic surgery},
  author={Nagendran, Myura and Gurusamy, Kurinchi Selvan and Aggarwal, Rajesh and Loizidou, Marilena and Davidson, Brian R},
  journal={The Cochrane Library},
  year={2013},
  publisher={Wiley Online Library}
}

@article{grabowski2015virtual,
  title={Virtual Reality-based pilot training for underground coal miners},
  author={Grabowski, Andrzej and Jankowski, Jaros{\l}aw},
  journal={Safety science},
  volume={72},
  pages={310--314},
  year={2015},
  publisher={Elsevier}
}

@book{benjamin2013drone,
  title={Drone warfare: Killing by remote control},
  author={Benjamin, Medea},
  year={2013},
  publisher={Verso Books}
}